<record><leader>00000cas a22000007a 4500</leader><controlfield tag="001">11751926</controlfield><controlfield tag="008">850301d18661872ohuwr ne      0    0eng d</controlfield><datafield ind1=" " ind2=" " tag="010"><subfield code="a">sn 85038110 </subfield></datafield><datafield ind1=" " ind2=" " tag="040"><subfield code="a">NPY</subfield><subfield code="b">eng</subfield><subfield code="c">NPY</subfield><subfield code="d">NPX</subfield><subfield code="d">ONP</subfield><subfield code="d">OCLCQ</subfield></datafield><datafield ind1=" " ind2=" " tag="042"><subfield code="a">msc</subfield></datafield><datafield ind1="0" ind2="4" tag="245"><subfield code="a">The Cardington Republican.</subfield></datafield><datafield ind1=" " ind2=" " tag="260"><subfield code="a">Cardington, Morrow County, Ohio :</subfield><subfield code="b">Weamer &amp; Smith,</subfield><subfield code="c">1866-1872.</subfield></datafield><datafield ind1=" " ind2=" " tag="300"><subfield code="a">v. :</subfield><subfield code="b">ill. (chiefly adv.) ;</subfield><subfield code="c">60 cm.</subfield></datafield><datafield ind1=" " ind2=" " tag="310"><subfield code="a">Weekly</subfield></datafield><datafield ind1="0" ind2=" " tag="362"><subfield code="a">Vol. 1, no. 1 (Sept. 8, 1866)-new ser., v. 1, no. 26 (July 18, 1872).</subfield></datafield><datafield ind1=" " ind2=" " tag="500"><subfield code="a">Republican. Cf. Gutgesell, S. Guide to Ohio newspapers, 1974.</subfield></datafield><datafield ind1=" " ind2=" " tag="752"><subfield code="a">United States</subfield><subfield code="b">Ohio</subfield><subfield code="c">Morrow</subfield><subfield code="d">Cardington.</subfield></datafield><datafield ind1="0" ind2="0" tag="780"><subfield code="t">Cardington reveille</subfield><subfield code="w">(DLC)sn 88077578</subfield></datafield><datafield ind1="0" ind2="0" tag="785"><subfield code="t">Cardington Independent (Cardington, Ohio : 1872)</subfield><subfield code="w">(DLC)sn 85025671</subfield></datafield><datafield ind1="1" ind2=" " tag="029"><subfield code="a">AU@</subfield><subfield code="b">000025790194</subfield></datafield></record>